=LDR  04403cam a2200817Mi 4500
=001  1008871983wcmSPRnew
=003  OCoLC
=005  20180309083037.4
=006  m\\\\\o\\d\\\\\\\\
=007  cr\nn||||mamaa
=008  170906s2018\\\\gw\a\\\\o\\\\\000\0\eng\d
=019  \\$a1003310353wcmSPRnew$a1003192562wcmSPRnew$a1003635832wcmSPRnew
=020  \\$a9783319640273
=020  \\$a3319640275
=020  \\$z9783319640266
=020  \\$z3319640267
=024  7\$a10.1007/978-3-319-64027-3$2doi
=035  \\$a(OCoLC)1008871983$z(OCoLC)1003192562$z(OCoLC)1003310353$z(OCoLC)1003635832
=040  \\$aAZU$beng$epn$cAZU$dOCLCO$dNJR$dOCLCF$dOCLCQ$dVRC$dYDX$dN{dollar}T$dEBLCP$dUAB
=049  \\$aNOCC
=050  \4$aG149-180
=072  \7$aCOM$x057000$2bisacsh
=082  04$a006.8
=245  00$aAugmented Reality and Virtual Reality :$bEmpowering Human, Place and Business /$cedited by Timothy Jung, M. Claudia tom Dieck.
=264  \1$aCham :$bSpringer International Publishing :$bImprint :$bSpringer,$c2018.
=300  \\$a1 online resource (XI, 384 pages 87 illustrations, 8 illustrations in color.) :$bonline resource.
=336  \\$atext$btxt$2rdacontent
=337  \\$acomputer$bc$2rdamedia
=338  \\$aonline resource$bcr$2rdacarrier
=347  \\$atext file$bPDF$2rda
=490  1\$aProgress in IS,$x2196-8705
=504  \\$aIncludes bibliographical references.
=505  0\$aPart I: Augmented and Virtual Reality in Tourism -- Part II: Augmented and Virtual Reality in Retail and Fashion -- Part III: Augmented and Virtual Reality in Business, Marketing and Storytelling -- Part IV: Augmented and Virtual Reality in Healthcare and Defence -- Part V: Augmented and Virtual Reality Design & Development -- Part VI: Augmented and Virtual Reality in Industry.
=506  1\$aAccess limited to UNC Chapel Hill-authenticated users.$fUnlimited simultaneous users
=520  \\$aThis volume provides the latest outcomes of augmented reality (AR) and virtual reality (VR) research conducted in various industries. It reveals how AR and VR are currently changing the business landscape, and how new innovations provide opportunities for businesses to offer their customers unique services and experiences. Collecting the proceedings of the International AR & VR Conference held in Manchester, UK, in February 2017, the book advances the state of the art in AR and VR technologies and their applications in various industries such as tourism, hospitality, events, fashion, entertainment, retail, education and the gaming industry. The papers presented here cover the most significant topics within the field of AR and VR for both researchers and practitioners, approaching them from a business and management perspective.
=590  \\$aProvider: SpringerLink.
=599  \\$aLTIEXP
=650  \0$aBusiness.
=650  \0$aInformation technology.
=650  \0$aBusiness$xData processing.
=650  \0$aTourism.
=650  \0$aManagement.
=650  \0$aComputers.
=650  \0$aApplication software.
=650  \0$aManagement information systems.
=650  \0$aComputer science.
=650  \7$aApplication software.$2fast$0(OCoLC)fst00811706
=650  \7$aBusiness.$2fast$0(OCoLC)fst00842262
=650  \7$aBusiness$xData processing.$2fast$0(OCoLC)fst00842293
=650  \7$aComputer science.$2fast$0(OCoLC)fst00872451
=650  \7$aComputers.$2fast$0(OCoLC)fst00872776
=650  \7$aInformation technology.$2fast$0(OCoLC)fst00973089
=650  \7$aManagement.$2fast$0(OCoLC)fst01007141
=650  \7$aManagement information systems.$2fast$0(OCoLC)fst01007271
=650  \7$aTourism.$2fast$0(OCoLC)fst01153142
=650  \7$aCOMPUTERS / Virtual Worlds$2bisacsh
=655  \4$aElectronic books.
=655  \0$aElectronic books.
=700  1\$aJung, Timothy,$eeditor.
=700  1\$aDieck, M. Claudia tom,$eeditor.
=773  0\$tSpringer e-books (online collection). Business and management. 2018
=773  1\$tOCLC WorldShare Collection Manager managed collection. SPRnew
=776  08$iPrinted edition:$z9783319640266
=830  \0$aProgress in IS,$x2196-8705
=856  40$uhttp://libproxy.lib.unc.edu/login?url=http://link.springer.com/10.1007/978-3-319-64027-3$yFull text available via the UNC-Chapel Hill Libraries
=915  \\$9NOTAUTHO
=949  \\$a*b3=x
=990  89$aBK:ebook
=994  \\$a92$bNOC
=999  77$aRecord status$bCHANGE
=999  99$aOverlay type$bmerge id

